%%%%%%% F %%%%%%%

@misc{fk:Practicals,
  author = {Florent Kirchner},
  title = "Programmation Tacticals",
  year  = 2003,
  note = "{\tt http://research.nianet.org/fm-at-nia/Practicals/}"
}

@mastersthesis{fk:DEA,
  author= {Florent Kirchner},
  title= "{Towards a Common Tactical Language : The Case of Coq and PVS}",
  school= {DEA Programmation : Sémantique, Preuves et Langages},
  year= 2003
}

@inproceedings{fk:strata2003,
  author= {Florent Kirchner},
  editor= {Mila Archer et al.},
  title= "{Coq Tacticals and PVS Strategies: A Small-Step Semantics}",
  pages= {69-83},
  booktitle= "{Design and Application of Strategies/Tactics in Higher Order Logics}",
  publisher= {NASA},
  month= "September",
  year= 2003
}

%%%%%%% Semantique %%%%%%%

@misc{Sem:cours,
  author = "François Pottier",
  title =  "{Typage et Programmation}",
  year = "2002",
  howpublished = "Lecture notes",
  note = "DEA PSPL"
}

@inproceedings{Sem:Dubois,
  author    = {Catherine Dubois},
  editor    = {Mark Aagaard and
               John Harrison},
  title     = "{Proving ML Type Soundness Within Coq}",
  pages     = {126-144},
  booktitle = {TPHOLs},
  publisher = {Springer},
  series    = {Lecture Notes in Computer Science},
  volume    = {1869},
  year      = {2000},
  isbn      = {3-540-67863-8},
  bibsource = {DBLP, http://dblp.uni-trier.de}
}

@techreport{Sem:Plotkin, 
author = {Gordon D. Plotkin}, 
institution = {Aarhus University}, 
number = {{DAIMI FN-19}}, 
title = {{A structural approach to operational semantics}}, 
year = {1981} 
} 

@article{Sem:RemyV98,
  author     = "Didier R{\'e}my and J{\'e}r{\^o}me Vouillon",
  title =        "Objective {ML}: 
                  An effective object-oriented extension to {ML}",
  journal =      "Theory And Practice of Object Systems",
  year =         1998,
  volume =    "4",
  number =    "1",
  pages =     "27--50",
  note =      {A preliminary version appeared in the proceedings
                  of the 24th ACM Conference on Principles
                  of Programming Languages, 1997}
}

@book{Sem:Winskel,
  AUTHOR      = {Winskel, Glynn},
  TITLE       = {The Formal Semantics of Programming Languages},
  NOTE        = {WIN g2 93:1 P-Ex},
  YEAR        = {1993},
  PUBLISHER   = {The MIT Press},
  SERIES      = {Foundations of Computing},
 }

@Article{Sem:WrightFelleisen,
  refkey =       "C1210",
  title =        "A Syntactic Approach to Type Soundness",
  author =       "Andrew K. Wright and Matthias Felleisen",
  pages =        "38--94",
  journal =      "Information and Computation",
  month =        "15~" # nov,
  year =         "1994",
  volume =       "115",
  number =       "1"
}

@inproceedings{Sem:Nipkow-MOD,
  author={Tobias Nipkow},
  title={Jinja: Towards a Comprehensive Formal Semantics for a
       {J}ava-like Language},
  booktitle={Proc.\ Marktobderdorf Summer School 2003},
  publisher={IOS Press},editor={H. Schwichtenberg and K. Spies},
  year=2003,
  note={To appear}
}

%%%%%%% Coq %%%%%%%

@techreport{Coq:man97,
  author = {B. Barras  and 
                              S. Boutin  and 
                              C. Cornes  and 
                              J. Courant and 
                              J.C. Filliatre and 
                              E. Gim\'enez    and 
                              H. Herbelin and 
                              G. Huet and 
                              C. Mu{\~n}oz and 
                              C. Murthy and
                              C. Parent and 
                              C. Paulin and 
                              A. Sa\"{\i}bi and 
                              B. Werner},
  institution = {INRIA},
  number = {0203},
  title = {{The Coq Proof Assistant Reference Manual -- Version V6.1}},
  year = {1997},
  month = {August},
}

@unpublished{Coq:e,
  author = {B. Barras  and 
                              S. Boutin  and 
                              C. Cornes  and 
                              J. Courant and 
                              J.C. Filliatre and 
                              E. Gim\'enez    and 
                              H. Herbelin and 
                              G. Huet and 
                              C. Mu{\~n}oz and 
                              C. Murthy and
                              C. Parent and 
                              C. Paulin and 
                              A. Sa\"{\i}bi and 
                              B. Werner},
  title = {{The Coq Proof Assistant Reference Manual -- Version 7.4}},
  year = {2003},
  note = {http://coq.inria.fr/doc/main.html}
}

@unpublished{Coq:coqart,
	author = "Y. Bertot and P. Casteran",
	title = "{Le Coq'Art}",
	url = "/Labri/Publications/Articles/coqart.ps.gz",
}

@phdthesis{Coq:Del01,
	AUTHOR = "David Delahaye",
	TITLE = "Conception de langages pour décrire les preuves et les 
                  automatisations dans les outils d'aide à la preuve",
	SCHOOL = {Universit\'e Paris~6},
	YEAR = "2001",
        Type = {Th\`ese de Doctorat}
}

@techreport{Coq:gimenez-tut,
    author = "Eduardo Gimenez",
    title = "A Tutorial on Recursive Types in Coq",
    number = "RT-0221",
    pages = "42 p.",
    url = "citeseer.nj.nec.com/gimenez98tutorial.html" }

@phdthesis{Coq:Mun97,
	AUTHOR = "César Mu{\~{n}}oz",
	TITLE = "Un calcul de substitutions pour la repr\'esentation
                  de preuves partielles en th\'eorie de types",
	SCHOOL = {Universit\'e Paris~7},
        Number = {Unit\'e de recherche INRIA-Rocquencourt, TU-0488},
	YEAR = "1997",
        Note = {English version available as INRIA research report RR-3309},
        Type = {Th\`ese de Doctorat}
}

@PHDTHESIS{Coq:Filliatre99,
  AUTHOR = {J.-C. Filli\^atre},
  TITLE = {{Preuve de programmes imp\'eratifs en th\'eorie des types}},
  TYPE = {Th{\`e}se de Doctorat},
  SCHOOL = {Universit\'e Paris-Sud},
  YEAR = 1999,
  MONTH = {July},
}

@manual{Coq:Tutorial,
  AUTHOR = {G\'erard Huet, Gilles Kahn and Christine Paulin-Mohring},
  TITLE = {{The Coq Proof Assistant A Tutorial}},
  YEAR = 2004  
}

%%%%%%% PVS %%%%%%%

@manual{PVS:prover,
  title =        "{PVS} Prover Guide",
  author =       "N. Shankar and S. Owre and J. M. Rushby and D. W. J.
                 Stringer-Calvert",
  month =        sep,
  year =         "1999",
  organization = "Computer Science Laboratory, SRI International",
  address =      "Menlo Park, CA",
}

@techreport{PVS-Semantics:TR,
  TITLE = {The Formal Semantics of {PVS}},
  AUTHOR = {Sam Owre and Natarajan Shankar},
  NUMBER = {CR-1999-209321},
  INSTITUTION = {Computer Science Laboratory, SRI International},
  ADDRESS = {Menlo Park, CA},
  MONTH = may,
  YEAR = 1999,
}

@techreport{PVS-Tactics:DiVito,
  TITLE = {A {PVS} Prover Strategy Package for Common Manipulations},
  AUTHOR = {Ben L. Di Vito},
  NUMBER = {TM-2002-211647},
  INSTITUTION = {Langley Research Center},
  ADDRESS = {Hampton, VA},
  MONTH = apr,
  YEAR = 2002,
}

@misc{PVS-Tactics:cours,
  author = "César Muñoz",
  title = "Strategies in {PVS}",
  howpublished = "Lecture notes",
  note = "National Institute of Aerospace",
  year = 2002
}

@techreport{PVS-Tactics:field,
  author = "C. Mu{\~n}oz and M. Mayero",
  title = "Real Automation in the Field",
  institution = "ICASE-NASA Langley",
  number = "NASA/CR-2001-211271 Interim ICASE Report No. 39",
  month =  "dec",
  year = "2001"
}

%%%%%%% Autres Prouveurs %%%%%%%

@misc{ACL2:repNuPrl,
  author = "James L. Caldwell and John Cowles",
  title = "{Representing Nuprl Proof Objects in ACL2: toward a proof checker for Nuprl}",
  url = "http://www.cs.uwyo.edu/~jlc/papers/proof_checking.ps" }

@inproceedings{Elan:ckl-strat,
  author    = {H. Cirstea and C. Kirchner and L. Liquori},
  title     = "{Rewrite Strategies in the Rewriting Calculus}",
  booktitle = {WRLA'02},
  publisher = "{Elsevier Science B.V.}",
  series    = {Electronic Notes in Theoretical Computer Science},
  volume    = {71},
  year      = {2003},
}

@book{LCF:GMW,
  author = {M. Gordon and R. Milner and C. Wadsworth},
  publisher = {sv},
  series = {lncs},
  volume = 78,
  title = {Edinburgh {LCF}: A Mechanized Logic of Computation},
  year = 1979
}

%%%%%%% LaTeX %%%%%%%

@manual{LaTeX:symb,
  title = "The Great, Big List of \LaTeX\ Symbols",
  author = "David Carlisle and Scott Pakin and Alexander Holt",
  month = feb,
  year = 2001,
}

@manual{LaTeX:intro,
  title = "The Not So Short Introduction to \LaTeX2e",
  author = "Tobias Oetiker",
  month = jan,
  year = 1999,
}

